% Encoding: UTF-8

@article{Brave2014,
	author  = {Brave, S. and Walstrum, T.},
	year    = {2014},
	title   = {Estimating marginal treatment effects using parametric and semiparametric methods},
	journal = {Stata Journal},
	volume  = {14},
	number  = {1},
	pages   = {191--217},
}

@Article{RoRu1983,
  author  = {Rosenbaum, Paul R. and Donald B. Rubin},
  title   = {The Central Role of the Propensity Score in Observational Studies for Causal Effects},
  journal = {Biometrika},
  year    = {1983},
  volume  = {70},
  number  = {1},
  pages   = {41-55},
}

@Article{Roy1951,
  author  = {Roy, Andrew D.},
  title   = {Some Thoughts on the Distribution of Earnings},
  journal = {Oxford Economic Papers},
  year    = {1951},
  volume  = {3},
  number  = {2},
  pages   = {135-146},
}

@Article{Quandt1958,
  author  = {Quandt, Richard E.},
  title   = {The Estimation of the Parameters of a Linear Regression System Obeying Two Seperate Regimes.},
  journal = {Journal of the American Statistical Association},
  year    = {1958},
  volume  = {53},
  number  = {284},
  pages   = {873-880},
}

@Article{Quandt1972,
  author  = {Quandt, Richard E.},
  title   = {A New Approach to Estimating Switching Regressions.},
  journal = {Journal of the American Statistical Association},
  year    = {1972},
  volume  = {67},
  number  = {338},
  pages   = {306-310},
}

@Article{HSMV97,
  author  = {Horwitz, Ralph I. and Singer, Burton H. and Makuch, Robert. W. and Viscoli, Catherine M.},
  title   = {Reaching the Tunnel at the End of the Light.},
  journal = {Journal of Clinical Epidemiology},
  year    = {1997},
  volume  = {50},
  number  = {7},
  pages   = {753-755},
}

@Article{HeSmCl97,
  author  = {Heckman, James J. and Smith, Jeffrey and Clements, Nancy},
  title   = {Making the Most Out of Programme Evaluations and Social Experiments: {A}ccounting for Heterogeneity in Programme Impacts},
  journal = {Review of Economic Studies},
  year    = {1997},
  volume  = {64},
  number  = {4},
  pages   = {487-535},
}

@Article{Heckman10,
  author  = {Heckman, James J.},
  title   = {Building Bridges between Structural and Program Evaluation Approaches to Evaluating Policy},
  journal = {Journal of Economic Literature},
  year    = {2010},
  volume  = {48},
  number  = {2},
  pages   = {356-398},
}

@Article{Imbens94,
  author  = {Imbens, Guido W. and Angrist, Joshua D.},
  title   = {Identification and Estimation of Local Average Treatment Effects},
  journal = {Econometrica},
  year    = {1994},
  volume  = {62},
  number  = {2},
  pages   = {467-475},
}

@Article{HSMV96,
  author  = {Horwitz, Ralph I. and Singer, Burton H. and Makuch, Robert. W. and Viscoli, Catherine M.},
  title   = {Can Treatment that is Helpful on Average be Harmful to Some Patients? {A} Study of Conflicting Information Needs of Clinical Inquiry and Drug Regulation.},
  journal = {Journal of Clinical Epidemiology},
  year    = {1996},
  volume  = {49},
  number  = {4},
  pages   = {395-400},
}

@Article{Holland86,
  author  = {Holland, Paul W.},
  title   = {Statistics and Causal Inference.},
  journal = {Journal of the American Statistical Association},
  year    = {1986},
  volume  = {81},
  number  = {386},
  pages   = {945-960},
}

@Article{HeUrVy06,
  author  = {Heckman, James J. and Urzua, Sergio and Vytlacil, Edward J.},
  title   = {Understanding Instrumental Variables in Models with Essential Heterogeneity.},
  journal = {Journal of Political Economy},
  year    = {2006},
  volume  = {88},
  number  = {3},
  pages   = {389-432},
}

@Article{HecVyr05,
  author  = {Heckman, James J. and Vytlacil, Edward J.},
  title   = {Structural Equations, Treatment Effects, and Econometric Policy Evaluation},
  journal = {Econometrica},
  year    = {2005},
  volume  = {73},
  number  = {3},
  pages   = {669-739},
}

@Article{CocRub72,
  author  = {Cochran, William G. and Rubin, Donald B.},
  title   = {Controlling Bias in Observational Studies: {A} Review.},
  journal = {Sankhya: The Indian Journal of Statistics Series A},
  year    = {1972},
  volume  = {35},
  number  = {4},
  pages   = {417-446},
}

@Article{Heckman2001,
  author  = {Heckman, James J.},
  title   = {Micro Data, Heterogeneity, and the Evaluation of Public Policy: {N}obel Lecture},
  journal = {Journal of Political Economy},
  year    = {2001},
  volume  = {109},
  number  = {4},
  pages   = {673-748},
}

@Article{HeIcSmTo98,
  author  = {Heckman, James J. and Ichimura, Hidehiko and Smith, Jeffrey and Todd, Petra},
  title   = {Characterizing Selection Bias Using Experimental Data},
  journal = {Journal of Political Economy},
  year    = {1998},
  volume  = {66},
  number  = {5},
  pages   = {1017-1098},
}

@Article{HecVyr01,
  author  = {Heckman, James J. and Vytlacil, Edward J.},
  title   = {Policy-Relevant Treatment Effects},
  journal = {American Economic Review},
  year    = {2001},
  volume  = {91},
  number  = {2},
  pages   = {107-111},
}

@Article{AaHeVy2005,
  author  = {Aakvik, Arild and Heckman, James J. and Vytlacil, Edward J.},
  title   = {Estimating treatment effects for discrete outcomes when responses to treatment vary: {A}n application to {N}orwegian vocational rehabilitation programs},
  journal = {Journal of Econometrics},
  year    = {2005},
  volume  = {124},
  number  = {1-2},
  pages   = {15-51},
}

@Article{BjöMof87,
  author  = {Björklund, Anders M. and Moffitt, Robert},
  title   = {The Estimation of Wage Gains and Welfare Gains in Self-Selection Models},
  journal = {Review of Economics and Statistics},
  year    = {1987},
  volume  = {69},
  number  = {1},
  pages   = {42-49},
}

@InCollection{AbbHec07,
  author    = {Jaap H. Abbring and James J. Heckman},
  title     = {Econometric Evaluation of Social Programs, Part {III}: {D}istributional Treatment Effects, Dynamic Treatment Effects, Dynamic Discrete Choice, and General Equilibrium Policy Evaluation},
  booktitle = {Handbook of Econometrics},
  publisher = {Elsevier Science},
  year      = {2007},
  volume    = {6B},
  chapter   = {72},
  pages     = {5145 --5303},
  journal   = {Handbook of Econometrics},
}

@InCollection{BrHecHa07,
  author    = {Martin Browning and Lars Peter Hansen and James J. Heckman},
  title     = {Micro Data and General Equilibrium Models},
  booktitle = {Handbook of Macroeconomics},
  publisher = {Elsevier Science},
  year      = {1999},
  volume    = {1A},
  chapter   = {8},
  pages     = {543--633},
}

@InCollection{HecVyr07a,
  author    = {James J. Heckman and Edward J. Vytlacil},
  title     = {Econometric Evaluation of Social Programs, Part {I}: {C}ausal Models, Structural Models and Econometric Policy Evaluation},
  booktitle = {Handbook of Econometrics},
  publisher = {Elsevier Science},
  year      = {2007},
  volume    = {6B},
  chapter   = {70},
  pages     = {4779--4874},
}

@InCollection{HecVyr07b,
  author    = {James J. Heckman and Edward J. Vytlacil},
  title     = {Econometric Evaluation of Social Programs, Part {II}: {U}sing the Marginal Treatment Effect to Organize Alternative Econometric Estimators to Evaluate Social Programs, and to Forecast their Effects in New Environments},
  booktitle = {Handbook of Econometrics},
  publisher = {Elsevier Science},
  year      = {2007},
  volume    = {6B},
  chapter   = {71},
  pages     = {4875--5143},
}

@Article{Eisenhauer2015,
  author  = {Eisenhauer,Philipp and Heckman, James J. and Vytlacil, Edward J.},
  title   = {The Generalized {R}oy Model and the Cost-Benefit Analysis of Social Programs},
  journal = {Journal of Political Economy},
  year    = {2015},
  volume  = {123},
  number  = {2},
  pages   = {413-443},
}

@Article{Eisenhauer2013,
    title   = {Issues in the Econometrics of Policy Evaluation: Explorations Using a Factor Structure Model},
    author  = {Eisenhauer, Philipp},
    journal = {Unpublished Manuscript},
    year    = {2013}
  }


@Article{Carneiro2011,
author = {Carneiro, Pedro and Heckman, James J. and Vytlacil, Edward J.},
title = {Estimating {M}arginal {R}eturns to {E}ducation},
journal = {American Economic Review},
year = {2011},
volume = {101},
number = {6},
Pages = {2754-81}
}

@article{Heckman2010,
author = {James J. Heckman and Daniel Schmierer},
title = {Tests of hypotheses arising in the correlated random coefficient model},
journal = {Economic Modelling},
year = {2010},
volume = {27},
number = "6",
pages =  {1355 - 1367}
}

@incollection{Fortin2011,
title = {Chapter 1 - {D}ecomposition {M}ethods in {E}conomics},
editor = {Orley Ashenfelter and David Card},
booktitle = {Handbook of Labor Economics},
publisher = {Elsevier},
volume = {4},
pages = {1 - 102},
year = {2011},
author = {Nicole Fortin and Thomas Lemieux and Sergio Firpo}
}

@article{Firpo2007,
author = {Firpo Sergio},
title = {Efficient {S}emiparametric {E}stimation of {Q}uantile {T}reatment {E}ffects},
journal = {Econometrica},
volume = {75},
number = {1},
pages = {259-276},
year= {2007}
}


@article{AbAnIm2002,
author = {Abadie Alberto and Angrist Joshua and Imbens Guido},
title = {Instrumental {V}ariables {E}stimates of the {E}ffect of {S}ubsidized {T}raining on the {Q}uantiles of {T}rainee {E}arnings},
journal = {Econometrica},
volume = {70},
number = {1},
pages = {91-117},
year = {2002}
}

@article{Chernozhukov2005,
author = {Chernozhukov Victor and Hansen Christian},
title = {An {IV} {M}odel of {Q}uantile {T}reatment {E}ffects},
journal = {Econometrica},
volume = {73},
number = {1},
pages = {245-261},
year={2005}
}

@Comment{jabref-meta: databaseType:bibtex;}
