


@article{AaHeVy05,
        Author = {Aakvik, A., Heckman, J.J., and Vytlacil, E.J.},
        Journal = {Journal of Econometrics},
        Number = {1-2},
        Pages = {15-51},
        Title = {Estimating treatment effects for discrete outcomes when responses to treatment vary: an application to Norwegian vocational rehabilitation programs},
        Volume = {124},
        Year = {2005}}

@inbook{AbbHec07,
      	Author = {Abbring, J., and Heckman, J.J.},
      	Edition = {6B},
        Editor = {Heckman, J.J. and Leamer, E. E},
      	Publisher = {Elservier Science, Amsterdam, Netherlands},
      	Title = {Handbook of Econometrics},
        Chapter = {Econometric Evaluation of Social Programs, Part III: Distributional Treatment Effects, Dynamic Treatment Effects, Dynamic Discrete Choice, and General Equilibrium Policy Evaluation},
        Pages = {5145-5303},
      	Year = {2007}}

@article{Björklund87,
        Author = {Björklund, A. M., and Moffitt, R},
        Journal = {The Review of Economics and Statistics},
        Number = {1},
        Pages = {42-49},
        Title = {The Estimation of Wage Gains and Welfare Gains in Self-Selection Models},
        Volume = {69},
        Year = {1987}}

@inbook{Browning07+,
      	Author = {Browning, A. Heckman, J. J., and Hansen, L. P.},
      	Edition = {1A},
        Editor = {Taylor, J. B. and Woodford, M},
      	Publisher = {Elservier Science, Amsterdam, Netherlands},
      	Title = {Micro Data and General Equilibrium Models},
        Chapter = {Econometric Evaluation of Social Programs, Part III: Distributional Treatment Effects, Dynamic Treatment Effects, Dynamic Discrete Choice, and General Equilibrium Policy Evaluation}
        Pages = {543-633},
      	Year = {1999}}

@article{Cochran72,
      	Author = {Cochran, W. G., and Rubin, D. B.},
      	Journal = {Sankhya: The Indian Journal of Statistics Series A},
      	Number = {4},
      	Pages = {417-446},
      	Title = {Controlling Bias in Observational Studies: A Review.},
      	Volume = {35},
      	Year = {1972}}

@article{Heckman01,
      	Author = {Heckman, J. J.},
      	Journal = {Journal of Political Economy},
      	Number = {4},
      	Pages = {673-748},
      	Title = {Micro Data, Heterogeneity, and the Evaluation of Public Policy: Nobel Lecture},
      	Volume = {109},
      	Year = {2001}}

@article{Heckman01,
      	Author = {Heckman, J. J., Ichimura, H., Smith, J., and Todd, P. E},
      	Journal = {Journal of Political Economy},
      	Number = {5},
      	Pages = {1017-1098},
      	Title = {Characterizing Selection Bias Using Experimental Data},
      	Volume = {66},
      	Year = {1998}}

@article{HecVyr01,
      	Author = {Heckman, J. J., and Vyrlacil},
      	Journal = {American Economic Review},
      	Number = {2},
      	Pages = {107-111},
      	Title = {Policy-Relevant Treatment Effects},
      	Volume = {91},
      	Year = {2001}}

@article{HecVyr05,
      	Author = {Heckman, J. J., and Vyrlacil},
      	Journal = {Econometrica},
      	Number = {3},
      	Pages = {669-739},
      	Title = {Structural Equations, Treatment Effects, and Econometric Policy Evaluation},
      	Volume = {73},
      	Year = {2005}}

@inbook{HecVyr07a,
      	Author = {Heckman, J. J., and Vyrlacil, E. J.},
      	Edition = {6B},
        Editor = {Heckman, J.J. and Leamer, E. E},
      	Publisher = {Elservier Science, Amsterdam, Netherlands},
      	Title = {Handbook of Econometrics},
        Chapter = {Econometric Evaluation of Social Programs, Part I: Causal Effects, Structural Models and Econometric Policy Evaluation},
        Pages = {4779-4874},
      	Year = {2007}}

@inbook{HecVyr07b,
      	Author = {Heckman, J. J., and Vyrlacil, E. J.},
      	Edition = {6B},
        Editor = {Heckman, J.J. and Leamer, E. E},
      	Publisher = {Elservier Science, Amsterdam, Netherlands},
      	Title = {Handbook of Econometrics},
        Chapter = {Econometric Evaluation of Social Programs, Part II: Using the Marginal Treatment Effect to Organize Alternative Economic Estimators to Evaluate Social Programs and to Forcast their Effects in New Enviroments.},
        Pages = {4875-5144-4874},
      	Year = {2007}}

@article{HeUrVy06,
      	Author = {Heckman, J. J., Urzua, S., and Vytlacil, E. J.},
      	Journal = {Journal of Political Economy},
      	Number = {3},
      	Pages = {389-432},
      	Title = {Understanding Instrumental Variables in Models with Essential Heterogeneity.},
      	Volume = {88},
      	Year = {2006}}

@article{Holland86,
      	Author = {Holland, P. W.},
      	Journal = {Journal of the American Statistical Association},
      	Number = {386},
      	Pages = {945-960},
      	Title = {Statistics and Causal Inference.},
      	Volume = {81},
      	Year = {1986}}
@article{HSMV96,
      	Author = {Horwitz, R. I., Singer, B., Makuch, R. W., and Viscoli, C. M.},
      	Journal = {Journal of Clinical Epidemiology},
      	Number = {4},
      	Pages = {395-400},
      	Title = {Can Treatment that is Helpful on Average be Harmful to Some Patients? A Study of Conflicting Information Needs of Clinical Inquiry and Drug Regulation.},
      	Volume = {49},
      	Year = {1996}}

@article{HSMV87,
      	Author = {Horwitz, R. I., Singer, B., Makuch, R. W., and Viscoli, C. M.},
      	Journal = {Journal of Clinical Epidemiology},
      	Number = {7},
      	Pages = {753-755},
      	Title = {Reaching the Tunnel at the End of the Light.},
      	Volume = {50},
      	Year = {1997}}

@article{Imbens94,
      	Author = {Imbens, G. W.},
      	Journal = {The Review of Economics and Statistics},
      	Number = {4},
      	Pages = {703-720},
      	Title = {Transition models in a non-stationary enviroment.},
      	Volume = {76},
      	Year = {1994}}

@article{Quandt58,
      	Author = {Quandt, R. E.},
      	Journal = {Journal of the American Statistical Association},
      	Number = {284},
      	Pages = {873-880},
      	Title = {The Estimation of the Parameters of a Linear Regression System Obeying two Seperate Regimes.},
      	Volume = {53},
      	Year = {1958}}

@article{Quandt72,
      	Author = {Quandt, R. E.},
      	Journal = {Journal of the American Statistical Association},
      	Number = {338},
      	Pages = {306-310},
      	Title = {A New Approach to Estimating Switching Regressions.},
      	Volume = {67},
      	Year = {1972}}

@article{R,oRu83
      	Author = {Rosenbaum, P., Rubin, D. B.},
      	Journal = {Biometrika},
      	Number = {1},
      	Pages = {41-55},
      	Title = {The central Role of the Propensity Score in Observational Studies for Causal Effects},
      	Volume = {70},
      	Year = {1983}}

@article{Roy51,
      	Author = {Roy, A. D.},
      	Journal = {Oxford Economic Papers},
      	Number = {2},
      	Pages = {135-146},
      	Title = {Some Thoughts on the Distribution of Earnings},
      	Volume = {3},
      	Year = {1951}}
